<?xml version="1.0" encoding="UTF-8"?><collection xmlns="http://www.loc.gov/MARC21/slim"><record><leader>00474nam--2200157-i-4500</leader><controlfield tag="001">000018491</controlfield><controlfield tag="002">20161230</controlfield><controlfield tag="005">20161230201032</controlfield><controlfield tag="008">060222s1000------------r-----000-0-eng-d</controlfield><datafield ind1=" " ind2=" " tag="040"><subfield code="a">IFIN-HH</subfield></datafield><datafield ind1="1" ind2=" " tag="100"><subfield code="a">Fermi, Enrico</subfield></datafield><datafield ind1="1" ind2="0" tag="245"><subfield code="a">Notes on quantum mechanics</subfield><subfield code="b">A course given by enrico fermi at the university of chicago</subfield><subfield code="c">Enrico fermi</subfield></datafield><datafield ind1=" " ind2=" " tag="260"><subfield code="a">Chicago</subfield><subfield code="b">The University Of Chicago Press</subfield><subfield code="c">1961</subfield></datafield><datafield ind1=" " ind2=" " tag="300"><subfield code="a">171 P</subfield></datafield><datafield ind1=" " ind2=" " tag="852"><subfield code="a">17108</subfield><subfield code="c">530.14</subfield></datafield><datafield ind1=" " ind2=" " tag="CAT"><subfield code="a">Sys</subfield><subfield code="c">20110404</subfield><subfield code="h">091718</subfield></datafield></record></collection>